@Article{Written_Expression,
  author = {Dodds, Peter and Danforth, Christopher},
  affiliation = {University of Vermont Department of Mathematics and Statistics, Vermont Advanced Computing Center, Complex Systems Center Burlington VT USA},
  title = {Measuring the Happiness of Large-Scale Written Expression: Songs, Blogs, and Presidents},
  journal = {Journal of Happiness Studies},
  publisher = {Springer Netherlands},
  issn = {1389-4978},
  keyword = {Humanities, Social Sciences and Law},
  pages = {441-456},
  volume = {11},
  issue = {4},
  url = {http://dx.doi.org/10.1007/s10902-009-9150-9},
  note = {10.1007/s10902-009-9150-9},
  year = {2010}
}

@article{Yahoo!,
  author = {Das, Sanjiv R. and Chen, Mike Y.},
  title = {Yahoo! for Amazon: Sentiment Extraction from Small Talk on the Web},
  journal = {Manage. Sci.},
  volume = {53},
  issue = {9},
  month = {September},
  year = {2007},
  issn = {0025-1909},
  pages = {1375--1388},
  numpages = {14},
  url = {http://portal.acm.org/citation.cfm?id=1527694.1527697},
  doi = {10.1287/mnsc.1070.0704},
  acmid = {1527697},
  publisher = {INFORMS},
  address = {Institute for Operations Research and the Management Sciences (INFORMS), Linthicum, Maryland, USA},
  keywords = {artificial intelligence, computers-computer science, finance, index formation, investment, text classification},
}
@inproceedings{Mixture,
  author = {Mei, Qiaozhu and Ling, Xu and Wondra, Matthew and Su, Hang and Zhai, ChengXiang},
  title = {Topic sentiment mixture: modeling facets and opinions in weblogs},
  booktitle = {Proceedings of the 16th international conference on World Wide Web},
  series = {WWW '07},
  year = {2007},
  isbn = {978-1-59593-654-7},
  location = {Banff, Alberta, Canada},
  pages = {171--180},
  numpages = {10},
  url = {http://doi.acm.org/10.1145/1242572.1242596},
  doi = {http://doi.acm.org/10.1145/1242572.1242596},
  acmid = {1242596},
  publisher = {ACM},
  address = {New York, NY, USA},
  keywords = {mixture model, sentiment analysis, topic models, topic-sentiment mixture, weblogs},
}


@inproceedings{Tweets_to_Polls,
  author = {Brendan O'Connor and Ramnath Balasubramanyan and Bryan R. Routledge and Noah A. Smith},
  title = {From Tweets to Polls: Linking Text Sentiment to Public Opinion Time Series},
  publisher = {International AAAI Conference on Weblogs and Social Media},
  year = {2009},
}
